<record><leader>00000cas a22000007a 4500</leader><controlfield tag="001">18631196</controlfield><controlfield tag="008">881019d18851888nduwr ne      0    0eng d</controlfield><datafield ind1=" " ind2=" " tag="010"><subfield code="a">sn 88076206 </subfield></datafield><datafield ind1=" " ind2=" " tag="040"><subfield code="a">NOP</subfield><subfield code="b">eng</subfield><subfield code="c">NOP</subfield><subfield code="d">OCLCQ</subfield></datafield><datafield ind1=" " ind2=" " tag="042"><subfield code="a">msc</subfield></datafield><datafield ind1="0" ind2="0" tag="245"><subfield code="a">LaMoure progress and chronicle.</subfield></datafield><datafield ind1=" " ind2=" " tag="260"><subfield code="a">LaMoure, Dak. [i.e. N.D.] :</subfield><subfield code="b">Potter &amp; Potter</subfield></datafield><datafield ind1=" " ind2=" " tag="300"><subfield code="a">v. :</subfield><subfield code="b">ill.</subfield></datafield><datafield ind1=" " ind2=" " tag="310"><subfield code="a">Weekly</subfield></datafield><datafield ind1="1" ind2=" " tag="362"><subfield code="a">Began in May 1885.</subfield></datafield><datafield ind1="0" ind2=" " tag="362"><subfield code="a">-v. 6, no. 52 (Dec. 21, 1888).</subfield></datafield><datafield ind1=" " ind2=" " tag="530"><subfield code="a">Available on microfilm from the State Historical Society of North Dakota.</subfield></datafield><datafield ind1=" " ind2=" " tag="588"><subfield code="a">Description based on: Vol. 4, no. 2 (Jan. 1, 1886).</subfield></datafield><datafield ind1=" " ind2=" " tag="752"><subfield code="a">United States</subfield><subfield code="b">North Dakota</subfield><subfield code="c">LaMoure</subfield><subfield code="d">LaMoure.</subfield></datafield><datafield ind1="0" ind2="4" tag="780"><subfield code="t">LaMoure progress</subfield></datafield><datafield ind1="0" ind2="4" tag="780"><subfield code="t">LaMoure chronicle (LaMoure, N.D. : 1883)</subfield><subfield code="w">(DLC)sn 88076205</subfield></datafield><datafield ind1="0" ind2="0" tag="785"><subfield code="t">LaMoure County chronicle</subfield><subfield code="w">(DLC)sn 87096016</subfield></datafield><datafield ind1="1" ind2=" " tag="029"><subfield code="a">AU@</subfield><subfield code="b">000025836475</subfield></datafield></record>